This is my bibliography file for bibtex/biblatex with comments and summaries.
vvv Below are examples vvv

@Book{example_book,
    title = {The Principles of Quantum Mechanics},
    author = {Paul Adrien Maurice Dirac},
    isbn = {9780198520115},
    series = {International series of monographs on physics},
    year = {1981},
    publisher = {Clarendon Press},
    keywords = {physics},
    note = {some note}
    }
@Article{example_article,
    author = "Albert Einstein",
    title = "{Zur Elektrodynamik bewegter K{\"o}rper}. ({German})
    [{On} the electrodynamics of moving bodies]",
    journal = "Annalen der Physik",
    volume = "322",
    number = "10",
    pages = "891--921",
    year = "1905",
    DOI = "http://dx.doi.org/10.1002/andp.19053221004",
    keywords = "physics",
    note = "some note"
    }
@InCollection{example_incollection,
    author = "John Doe and Jenny Roe",
    title = "Why Water Is Wet",
    booktitle = "Third Book",
    editor = "Sam Smith",
    publisher = "Oxford University Press",
    year = "2007",
    note = "some note"
    }
@online{example_online,
    author = "Donald Knuth",
    title = "Knuth: Computers and Typesetting",
    url  = "http://www-cs-faculty.stanford.edu/~uno/abcde.html",
    addendum = "(accessed: 01.09.2016)",
    keywords = "latex,knuth",
    note = "some note"
    }
@inbook{example_inbook,
    author = "Donald E. Knuth",
    title = "Fundamental Algorithms",
    publisher = "Addison-Wesley",
    year = "1973",
    chapter = "1.2",
    keywords  = "knuth,programming",
    note = "some note"
    }

vvv Below is my bibliography vvv

@Book{vinogradov1954,
    author = "С.Н. Виноградов, А.Ф. Кузьмин",
    title = "Логика. Учебник для средней школы.",
    year = "1954",
    address = "Москва",
    publisher = "УЧПЕДГИЗ"
    }
@Book{chitlur2014,
    author = {Swaroop Chitlur},
    title = {A Byte Of Python (RUS)},
    year = {2014},
    url = {http://www.swaroopch.com/notes/Python},
    publisher = {Swaroop Chitlur},
    keywords = {python}
    }
@Book{chacon2020,
    author = "Scott Chacon",
    title = "Pro Git (RUS)",
    year = "2020",
    url = "https://git-scm.com/book/en/v2",
    publisher = "Apress"
    }
@Book{blum2012,
    author = "Ричард Блум, Кристина Бреснахэн",
    title = "Командная строка Linux и сценарии оболочки. Библия пользователя",
    year = "2012",
    address = "Москва",
    publisher = "Диалектика"
    }
@Book{neil2017,
    author = "Дрю Нейл",
    title = "Практическое использование VIM",
    year = "2017",
    address = "Москва",
    publisher = "ДМК"
    }
@Book{copes2020,
    author = "Flavio Copes",
    title = "The Python Handbook",
    year = "2020",
    url = "https://flaviocopes.com",
    publisher = "Flavio Copes"
    }
@Book{anonhandbook2021,
    author = "anonhandbook",
    title = "Настольная книга анонима. Зачем нужна анонимность и как ее достичь?",
    year = "2021",
    url = "https://am.news/worlds/anonymous.pdf",
    publisher = "http://anonhandbook.org"
    }
@Book{cone2022,
    author = "Matt Cone",
    title = "The Markdown Guide",
    year = "2022",
    url = "https://www.markdownguide.org/book",
    publisher = "https://www.mattcone.com"
    }
@Book{snegov1983,
    author = "Сергей Снегов",
    title = "Экспедиция в иномир",
    year = "1983",
    address = "Москва",
    publisher="Ордена Трудового Красного Знамени издательство “Детская литература”"
    keywords = {фантастика},
    }
@Book{misima2002,
    title = {Голоса духов героев},
    author = {Юкио Мисима},
    year = {2002},
    address = "Москва",
    publisher = {ИТД Летний Сад},
    keywords = {бусидо},
    series = {Восточная коллекция},
    }
@Book{bitsa2023a,
    author = {НВП Рокот Битца},
    title = {Медицинская подготовка},
    year = {2023a},
    address = "Москва",
    keywords = {нвп},
    }
@Book{lem1999,
    title = {Одиссея навигатора Пиркса},
    author = {Станислав Лем},
    year = {1999},
    address = "Москва",
    publisher = {Издательство ЭКСМО-Пресс},
    keywords = {фантастика},
    }
@Book{lem2023,
    title = {Солярис. Эдем. Непобедимый},
    author = {Станислав Лем},
    year = {2023},
    address = "Москва",
    publisher = {Издательство АСТ},
    keywords = {фантастика},
    }
@Book{asimov2001,
    title = {Немезида},
    author = {Айзек Азимов},
    year = {2001},
    address = "Москва",
    publisher = {Издательство ЭКСМО-Пресс},
    keywords = {фантастика},
    series = {Стальная Крыса},
    }
@Book{asimov2000,
    title = {Стальне пещеры},
    author = {Айзек Азимов},
    year = {2000},
    address = "Москва",
    publisher = {Издательство ЭКСМО-Пресс},
    keywords = {фантастика},
    series = {Стальная Крыса},
    }
